@incollection{giants,
  title={Gary Kildall},
  author={Oâ€™Regan, Gerard},
  booktitle={Giants of Computing},
  publisher={Springer},
  year={2013},
  chapter={35},
  address={London}
}

@book{fire,
  title={Fire in the Valley},
  author={Freiberger, Paul and Swaine, Michael},
  year={1984},
  publisher={Osborne/McGraw-Hill Berkeley}
}
